<record><leader>00000cas a22000007a 4500</leader><controlfield tag="001">14878799</controlfield><controlfield tag="008">861126d19731974msuwr ne      0    0eng d</controlfield><datafield ind1=" " ind2=" " tag="010"><subfield code="a">sn 86074095 </subfield></datafield><datafield ind1=" " ind2=" " tag="040"><subfield code="a">MJA</subfield><subfield code="b">eng</subfield><subfield code="c">MJA</subfield><subfield code="d">MSJ</subfield><subfield code="d">OCLCQ</subfield></datafield><datafield ind1=" " ind2=" " tag="042"><subfield code="a">msc</subfield></datafield><datafield ind1="0" ind2="4" tag="245"><subfield code="a">The Mississippi sun and the Sumner sentinel.</subfield></datafield><datafield ind1=" " ind2=" " tag="260"><subfield code="a">Charleston, Miss. :</subfield><subfield code="b">William W. May,</subfield><subfield code="c">1973-1974.</subfield></datafield><datafield ind1=" " ind2=" " tag="310"><subfield code="a">Weekly</subfield></datafield><datafield ind1="0" ind2=" " tag="362"><subfield code="a">Vol. 51, no. 18 (July 5, 1973)-v. 52, no. 26 (Aug. 29, 1974).</subfield></datafield><datafield ind1=" " ind2=" " tag="752"><subfield code="a">United States</subfield><subfield code="b">Mississippi</subfield><subfield code="c">Tallahatchie</subfield><subfield code="d">Charleston.</subfield></datafield><datafield ind1="0" ind2="4" tag="780"><subfield code="t">Mississippi sun</subfield><subfield code="w">(OCoLC)14878624</subfield></datafield><datafield ind1="0" ind2="4" tag="780"><subfield code="t">Sumner sentinel</subfield><subfield code="w">(OCoLC)16397500</subfield></datafield><datafield ind1="0" ind2="0" tag="785"><subfield code="t">Sun-sentinel (Charleston, Miss.)</subfield><subfield code="w">(OCoLC)14878826</subfield></datafield></record>